@manual{NBR14724:2005,
	Address = {Rio de Janeiro},
	Date-Added = {2012-12-15 20:34:08 +0000},
	Date-Modified = {2012-12-15 20:35:25 +0000},
	Month = {dez.},
	Org-Short = {ABNT},
	Organization = {Associa{\c c}\~ao Brasileira de Normas T\'ecnicas},
	Pages = 9,
	Subtitle = {Informa{\c c}\~ao e documenta{\c c}\~ao --- trabalhos acad\^emicos --- apresenta{\c c}\~ao},
	Title = {{NBR} 14724},
	Year = 2005}

@manual{NBR14724:2011,
	Address = {Rio de Janeiro},
	Date-Added = {2012-12-15 20:34:08 +0000},
	Date-Modified = {2012-12-15 20:35:25 +0000},
	Month = {mar.},
	Note = {Substitui a Ref.~\citeonline{NBR14724:2005}},
	Org-Short = {ABNT},
	Organization = {Associa{\c c}\~ao Brasileira de Normas T\'ecnicas},
	Pages = 15,
	Subtitle = {Informa{\c c}\~ao e documenta{\c c}\~ao --- trabalhos acad\^emicos --- apresenta{\c c}\~ao},
	Title = {{NBR} 14724},
	Year = 2011}

@book{lamport:latex,
	author = {Leslie Lamport},
	title = {{\LaTeX}: A Document Preparation System. User's Guide and
	Reference Manual},
	publisher = {Addison-Wesley},
	year = {1986},
	address = {Reading, Massachusetts}
}

@article{latexbook,
	author =       "Albert Einstein",
	title =        "{Zur Elektrodynamik bewegter K{\"o}rper}. ({German})
	[{On} the electrodynamics of moving bodies]",
	journal =      "Annalen der Physik",
	volume =       "322",
	number =       "10",
	pages =        "891--921",
	year =         "1905",
	DOI =          "http://dx.doi.org/10.1002/andp.19053221004"
}

@book{knuth:tex,
	author = "Donald E. Knuth",
	title = "The {\TeX} Book",
	publisher = {Addison-Wesley},
	year = "1984",
	address = {Reading, Massachusetts},
	NOTE = {Reprinted as Vol. A of {\it Computers \& Typesetting\/}, 1986}
}

@book{texbook,
	author = "Frank Herbert",
	title = "Dune",
	publisher = {Chilton Books},
	year = "1965",
	address = {New York City, NY}
}

@techreport{knuth:web,
	author = {Donald E. Knuth},
	title = {The {WEB} System for Structured Documentation, Version 2.3},
	institution = {Computer Science Department, Stanford University},
	year = {1983},
	number = {STAN-CS-83-980},
	address = {Stanford, California},
	month = Sep
}

@article{furuta:pctex,
	author = "Richard K. Furuta and Pierre A. MacKay",
	title = "Two {\TeX} Implementations for the {IBM PC}",
	journal = "Dr. Dobb's Journal",
	year = "1985",
	volume = "10",
	number = "9",
	pages = "80--91",
	month = Sep
}

@article{Doron92e,
	author = {E. Doron and U. Smilansky and T. Dittrich},
	title = {The Domino Billiard},
	year = 1992,
	journal = {Physica B},
	volume = 179,
	pages = 1,
	abstract = {The basics of the domino billiard, mainly concerning spectral
	statistics and probability to stay.}
}

@manual{patashnik:bibtex,
	title = "Bib{\TeX}ing",
	author = "Oren Patashnik",
	organization = {Computer Science Department, Stanford University},
	address = {Stanford, California},
	month = jan,
	year = "1988",
	note = {Available in the Bib{\TeX} release}
}

@booklet{SP,
	title = "Style and Policy Manual for Theses and Dissertations",
	author = "University of Washington, Graduate School",
	year = 2000
}

@book{taylor,
	author    = {Peter Babington}, 
	title     = {The title of the work},
	publisher = {The name of the publisher},
	year      = 1993,
	volume    = 4,
	series    = 10,
	address   = {The address},
	edition   = 3,
	month     = 7,
	note      = {An optional note},
	isbn      = {3257227892}
}

@inproceedings{etex,
	author =   {Philip Taylor},
	title =    {{\(\varepsilon\)-\TeX}:
	a 100\%-compatible successor to {\TeX}},
	booktitle =    {Proceedings of Euro\TeX'95},
	month = sep,
	year =  1995,
	publisher = {{NTG}},
	address = {Papendal},
	pages =    {359-370}
}

@incollection{AbTaRu:54,
	author={B.C. Able and R.A. Tagg and M. Rush},
	title={Enzyme-catalyzed cellular transanimations},
	pages={125--247},
	editor={A.F. Round},
	publisher={Academic  Press},
	year={1954},
	volume={2},
	booktitle={Advances in Enzymology},
	address={New York},
	edition={3rd},
}

@masterthesis{IEEEexample:masterstype,
	author        = "A. Karnik",
	title         = "Performance of {TCP} Congestion Control with Rate
	Feedback: {TCP/ABR} and Rate Adaptive {TCP/IP}",
	school        = "Indian Institute of Science",
	type          = "M. Eng. thesis",
	address       = "Bangalore, India",
	month         = jan,
	year          = "1999"
}

@misc{IEEEexample:phdurl,
	author= {{World Health Organisation}},
	year  = {2017},
	title = {Vision impairment and blindness, {Fact Sheet N\textsuperscript{o}282}},
	note  = {\url{http://www.who.int/mediacentre/factsheets/fs282/fr/}, 
	Last accessed on 2017-11-30},
}

@misc{Christensson,
	title = {{PNG} Definition},
	howpublished = {\url{ https://techterms.com}},
	year={2017},
	note = {Accessed: 2017-08-3}
}